1539 2494
610 103 729 129 mmm
750 103 773 128 ι.
1281 94 1319 127 17

220 190 320 226 Dum
337 189 520 224 firmiores
537 189 677 224 catulos
695 191 813 235 posset
830 187 972 224 ducere.

219 243 301 279 Hoc
318 253 462 290 quoque
479 245 708 287 consumpte,
726 241 892 286 flagitare
911 240 1067 275 validius

219 295 349 332 Cubile
366 295 496 342 coepit.
545 294 584 330 Si
600 294 696 329 mihi
714 297 750 329 et
767 294 898 328 turbae
914 304 1021 328 meae

219 348 302 395 Par,
319 348 451 395 inquit,
469 358 545 382 esse
562 347 734 394 potueris,
753 346 883 382 cedam
899 345 987 382 loco.
1279 350 1322 380 10

62 450 129 483 -7.
159 449 243 479 Dum
266 448 324 478 has
347 448 405 478 the
429 447 634 485 subjunctive
658 448 744 484 here,
767 447 904 477 because
929 456 948 476 a.
969 454 1107 484 purpose
1127 445 1154 474 is
1177 445 1318 482 implicd.

64 488 158 519 Elem.
181 489 286 519 Gram.
309 487 443 518 355.—8.
467 488 544 525 lloc,
565 487 681 526 supply
702 490 837 526 tempore.
886 486 1031 522 Validius,
1052 485 1266 523 comparative
1288 486 1323 515 of

61 527 155 558 valde,
197 528 304 558 Gram.
319 526 337 565 ἓ
354 527 420 565 191,
435 536 466 557 n.
485 526 509 556 1.

514 706 643 736 FABU
654 706 714 735 LA
745 705 865 735 XXII.

454 788 615 814 CANES
659 787 926 814 FAMELICI.

269 867 458 904 STULTUM
477 867 672 903 consilium
690 879 764 902 non
784 867 894 902 modo
912 868 1040 903 effectu
1059 873 1168 913 caret,

217 920 290 958 Sed
306 920 354 956 ad
371 921 575 968 perniciem
593 931 738 967 quoque
755 920 930 956 mortales
947 920 1111 957 devocat.

271 973 422 1010 Corium
439 974 654 1020 depressum
672 973 710 1008 in
729 973 840 1008 fluvio
860 973 1032 1008 viderunt
1049 983 1167 1010 canes·

219 1026 263 1062 Id
280 1030 322 1062 ut
338 1037 499 1062 comesse
516 1029 727 1061 extractum
744 1030 892 1072 possent
909 1026 1061 1071 facilius,

218 1080 367 1127 Aquam
385 1090 536 1126 coepere
553 1079 701 1114 ebibere
716 1093 723 1116 :
749 1079 812 1114 sed
830 1080 929 1125 rupti
948 1079 1050 1125 prius
1301 1079 1322 1109 5

218 1132 373 1178 Periere,
391 1143 516 1179 quam,
534 1132 632 1178 quod
652 1132 844 1178 petierant,
864 1133 1128 1177 contingerent.

97 1228 126 1259 2.
148 1228 290 1266 Macra,
305 1239 323 1258 a
338 1228 424 1258 word
446 1229 567 1270 seldom
591 1229 679 1258 used.
723 1228 754 1258 It
776 1229 802 1258 is
825 1229 1004 1267 commonly
1020 1228 1148 1267 applied
1164 1228 1194 1256 in
1211 1228 1317 1265 speak-

59 1268 114 1308 ing
133 1268 169 1298 of
189 1269 372 1308 something
393 1269 462 1298 evil.
513 1270 554 1297 So
577 1269 619 1297 iii.
641 1269 671 1306 5,
694 1268 720 1306 1,
741 1278 886 1298 successus
909 1269 950 1297 ad
969 1269 1128 1307 perna-ivm
1152 1268 1320 1312 devoras.—

57 1307 85 1336 5.
109 1306 241 1344 Ebibere,
255 1311 290 1338 to
305 1309 443 1338 exhaust
458 1309 501 1346 by
513 1307 740 1346 drinking—6.
765 1308 980 1344 Continslerenl.
1022 1307 1087 1336 'l'he
1103 1306 1320 1344 subjunctive.

58 1347 294 1417 zecauseffitehey
308 1347 364 1377 did
386 1350 443 1378 not
465 1348 605 1385 actually
621 1348 714 1377 reach
735 1347 792 1378 the
813 1347 885 1377 skin
900 1348 1008 1377 before
1023 1346 1180 1384 bursting.
1227 1345 1320 1375 Elem.

91 1396 166 1416 ram.
240 1409 248 1417 .

500 1553 706 1584 FABULA
739 1554 885 1584 XXIII.

272 1635 351 1661 LEO
386 1635 536 1667 SENEX,
567 1636 688 1667 APER,
723 1636 903 1668 TAURUS,
940 1637 1105 1664 ASINUS.

269 1714 510 1758 chmmmz
527 1715 654 1750 amisit
670 1715 889 1761 dignitatem
907 1717 1115 1763 pristinam,

222 1767 371 1814 Ignavis
387 1768 502 1802 etiam
513 1768 618 1813 jocus
637 1771 690 1803 est
707 1769 745 1803 in
765 1780 849 1804 casu
868 1770 982 1815 gravi.

269 1820 441 1856 Defectus
458 1821 566 1856 annis
583 1824 619 1856 et
636 1821 800 1856 desertus
819 1822 958 1857 viribus

217 1873 288 1908 Leo
305 1884 422 1920 quum
434 1873 575 1919 jaceret
592 1874 765 1920 spiritum
784 1879 995 1910 extremum
1014 1875 1174 1921 trahens,

216 1927 318 1972 Aper
335 1925 523 1961 fulmineis
541 1926 587 1961 ad
606 1938 691 1961 eum
710 1927 810 1962 venit
827 1927 1009 1974 dentibus,

215 1978 261 2013 Et
283 1978 485 2013 vindicavit
504 1979 578 2013 ictu
597 1983 758 2014 veterem
779 1980 966 2025 injuriam.

218 2031 367 2066 Infestis
384 2034 511 2066 taurus
528 2042 618 2066 mox
637 2033 799 2068 confodit
818 2034 989 2069 cornibus

219 2083 362 2119 Hostile
380 2095 520 2130 corpus,
571 2084 708 2119 Asinus
726 2088 767 2120 ut
784 2086 879 2121 vidit
897 2087 1016 2122 serum

1298 1931 1318 1961 <51

101 2180 123 2210 l.
147 2181 325 2212 Pristinam.
367 2182 428 2211 See
450 2183 468 2211 i.
492 2181 521 2218 2,
538 2182 633 2212 3.—3.
658 2183 799 2222 Defectus
821 2185 917 2220 annis,
933 2185 1117 2222 equivalcnt
1140 2188 1174 2214 to
1189 2184 1318 2223 ‹lefhctzu

57 2223 208 2258 senectute,
236 2222 341 2251 ‘worn
377 2225 434 2251 out.
464 2222 505 2259 by
534 2222 680 2261 age.'—4.
713 2223 844 2258 Jncerel,
873 2224 1019 2262 properly
1052 2224 1122 2253 said
1155 2224 1190 2253 of
1227 2224 1319 2253 those

59 2259 130 2288 who
162 2268 216 2290 are
248 2260 325 2290 siek.
380 2261 510 2290 Trnhem
538 2261 698 2291 indicates
725 2262 782 2291 the
816 2263 978 2300 ‹liffi‹·111ty
1014 2265 1049 2292 of
1079 2264 1319 2301 respiration—

59 2297 85 2328 ⁵.
112 2298 285 2332 Fulminis.
305 2300 410 2330 ‘ewist
429 2300 493 2330 and
517 2300 714 2331 destructive
739 2311 774 2330 as
796 2302 1043 2340 liglatning.'-8.
1069 2303 1182 2333 llos-tila
1205 2313 1317 2341 corpus·

680 2351 699 2372 u
