1539 2494
578 120 697 146 mmm
718 120 761 146 11.
1251 111 1289 144 31

188 205 384 254 Equidem,
402 205 525 252 inquit
541 205 645 251 alter,
663 215 724 240 me
742 206 999 250 contemptum
1017 203 1170 250 gaudeO,

188 259 290 296 Nam
305 258 362 295 nil
378 258 497 304 amisi,
515 269 584 294 nec
600 269 684 293 sum
701 257 821 292 laesus
838 257 1002 293 vulnere.

243 312 326 348 Hoc
343 315 564 358 argumento
582 314 664 346 tuta
681 313 735 346 est
751 310 951 345 hominum
969 309 1131 345 tenuitas
1146 324 1152 346 :

189 365 349 412 Magnae
366 364 504 412 periclo
522 368 609 400 sunt
625 375 713 410 opes
729 363 925 399 obnoxiae.

29 462 225 493 mutua-13.
247 463 441 501 Aryumento,
463 462 525 500 ‘by
540 461 606 491 this
628 470 700 491 case
723 460 755 489 in
777 459 892 498 point.'
931 459 1008 488 This
1023 459 1110 489 word
1130 468 1241 488 occurs
1263 459 1295 488 in

30 502 86 532 the
106 512 194 533 same
214 512 307 532 sense
328 503 360 532 in
380 502 420 531 iv.
435 501 465 538 8,
479 501 518 538 ‘23
541 500 587 537 ll,
605 500 661 537 14;
683 510 709 530 v.
727 500 755 537 3,
774 499 818 529 ll.
860 500 1026 529 Hominum
1049 499 1198 535 tenuitas,-
1223 498 1295 528 that

30 542 68 579 in,
82 546 181 572 tenues
192 541 330 572 homines.
372 541 528 580 Compare
543 541 563 571 i.
580 541 609 577 8,
623 541 651 570 8.

514 778 715 808 FABULA
749 777 811 808 IX.

419 861 602 887 el-:Rst
644 861 702 887 AD
738 861 894 886 BOVES.

241 940 416 988 Cannis,
436 941 639 976 nemorosis
658 941 838 976 excitatus
856 940 1031 987 latibulis,

189 994 241 1031 Ut
257 998 478 1030 venatorum
498 994 639 1040 fugeret
657 994 858 1028 instantem
878 1005 1018 1039 necem,

190 1047 307 1084 Caeco
324 1047 459 1083 timore
476 1047 691 1094 proximam
711 1047 841 1081 villam
859 1048 962 1094 petit,

190 1101 236 1136 Et
253 1104 462 1148 opportuno
479 1111 517 1135 se
534 1100 649 1135 bovili
669 1100 843 1136 condidit.

193 1152 263 1190 Hic
280 1153 346 1190 bos
362 1153 494 1190 latenti
509 1168 516 1190 :
544 1153 732 1196 Quidnam
750 1153 898 1188 voluisti
917 1154 996 1199 tibi,
1277 1159 1295 1189 5

193 1206 340 1254 Infelix,
357 1207 456 1242 ultro
473 1207 535 1253 qui
555 1206 602 1241 ad
620 1217 749 1241 necem
768 1207 982 1252 cucurreris,

191 1259 474 1306 Hominumque
492 1264 587 1294 tecto
605 1260 778 1305 spiritum
796 1260 1052 1296 commiseris?

189 1314 242 1349 At
258 1313 321 1348 ille
337 1313 494 1360 supplex
514 1327 521 1349 :
548 1312 623 1347 Vos
641 1313 762 1358 modo⁷
781 1313 912 1359 inquit,
932 1314 1096 1359 parcite3

190 1365 389 1402 Occasione
406 1377 531 1401 rursus
549 1376 747 1412 erumpam
764 1365 862 1402 data.

189 1419 361 1466 Spatium
378 1419 451 1454 diei
469 1419 586 1454 noctis
604 1419 795 1465 excipiunt
813 1419 920 1455 vices.
1252 1421 1295 1454 10

187 1471 375 1508 Frondem
393 1472 574 1507 bubulcus
591 1473 706 1517 affert,
725 1483 792 1507 nec
811 1472 892 1507 ideo
911 1472 1021 1509 videt.

189 1525 290 1560 Eunt
306 1525 463 1560 subinde
481 1529 518 1560 et
535 1525 691 1559 redeunt
709 1536 837 1559 omnes
855 1525 992 1571 rustici,

190 1577 310 1613 Nemo
326 1578 594 1613 animadvertit
613 1592 620 1614 ;
646 1579 780 1612 transit
798 1579 912 1612 ctiam
931 1578 1071 1623 vilicus,

188 1630 264 1666 Nec
281 1630 344 1665 ille
361 1630 565 1677 quidquam
584 1631 705 1667 sentit.
755 1631 850 1665 Tum
867 1631 1031 1676 gaudens
1051 1632 1146 1666 ferus

190 1683 317 1719 Bubus
334 1684 468 1730 quietis
485 1694 592 1728 agere
610 1684 729 1729 coepit
747 1684 893 1729 gratias,
1252 1688 1293 1719 15

191 1736 407 1783 Hospitium
425 1736 578 1771 adverso
596 1736 694 1782 quod
714 1737 966 1782 praestiterint
983 1741 1160 1783 tempore.

191 1789 397 1836 Respondit
413 1800 509 1824 unus
524 1803 531 1825 :
559 1789 713 1825 Salvum
733 1794 769 1823 te
787 1790 956 1836 cupimus
973 1791 1123 1837 quidem
1141 1805 1149 1834 ;

190 1842 262 1879 Sed
279 1842 352 1888 ille,
370 1843 433 1889 qui
452 1842 574 1877 oculos
593 1847 742 1877 centum
761 1842 884 1889 habet,
903 1843 933 1878 si
951 1844 1106 1890 venerit,

191 1895 328 1941 Magno
345 1896 382 1930 in
403 1895 539 1942 periclo
557 1895 635 1930 vita
653 1900 817 1930 vertetur
834 1900 907 1932 tua.

190 1948 293 1984 Haec
312 1949 408 1983 iuter
426 1949 503 1995 ipse
520 1948 694 1983 dominus
712 1960 734 1983 a
751 1960 865 1984 coena
882 1949 978 1985 redit
993 1965 999 1987 ;
1255 1953 1298 1986 20

189 2001 246 2047 Et,
264 2002 352 2048 quia
369 2006 560 2048 corruptos
578 2002 722 2037 viderat
740 2013 858 2048 nuper
875 2002 996 2049 boves,

68 2094 98 2125 ὅ.
126 2093 190 2124 Hic
212 2093 262 2124 bos
285 2095 409 2134 (inquit)
435 2093 538 2124 latenti
563 2095 757 2134 (oerro).—6.
789 2096 850 2132 Qui
872 2107 1047 2133 cuent-rens,
1094 2096 1164 2126 wlio
1189 2099 1239 2126 art
1264 2106 1299 2126 so

28 2133 143 2164 coeli-h
164 2143 200 2163 u
221 2137 256 2164 to
275 2133 359 2164 run.'
400 2134 446 2164 Aa
467 2137 502 2164 to
523 2135 580 2164 the
602 2135 818 2173 subjunctive,
840 2145 892 2165 see
909 2136 1004 2166 Elem.
1022 2138 1126 2166 Gram.
1149 2136 1216 2174 360,
1232 2136 1299 2166 3.-

33 2171 78 2204 10.
104 2173 263 2204 Comme
285 2174 380 2204 thus:
414 2174 493 2203 Vicae
515 2176 606 2203 noctis
627 2176 774 2213 arcipiam!
795 2176 923 2213 epatium
947 2175 1106 2206 ‹liet—ll,
1133 2176 1198 2205 ,Nec
1223 2176 1299 2213 ideo,

28 2218 114 2243 ‘nor
139 2213 188 2243 sor
214 2213 255 2244 an
283 2213 468 2244 that.'—15.
499 2214 622 2250 Quietis,
651 2215 747 2244 ‘who
774 2215 839 2244 lind
867 2215 946 2254 kept
974 2216 1030 2245 the
1059 2218 1163 2245 secret
1191 2217 1227 2245 ot'
1250 2216 1299 2244 his

31 2252 157 2291 turking
188 2252 406 2284 there.'-16.
449 2254 668 2284 Praestiterint.
723 2254 789 2284 The
824 2254 1041 2292 subjunctive,
1072 2265 1107 2285 as
1144 2255 1300 2294 denoting

30 2292 105 2322 that
126 2293 230 2324 which
253 2293 309 2323 the
332 2295 406 2332 stag
426 2293 506 2323 said.
550 2293 647 2324 Elam,
672 2293 778 2323 Gram.
801 2294 956 2327 367.—18.
981 2295 1059 2331 Ille,·
1089 2295 1161 2324 that
1183 2295 1221 2330 in,
1243 2295 1299 2324 the

31 2334 160 2363 muter.
197 2332 304 2363 Oculos
317 2336 439 2364 ceruum.
482 2333 516 2364 ln
534 2333 667 2364 allusion
685 2337 718 2362 to
734 2334 936 2372 Argum-⁶21.
961 2335 1133 2374 Corruptos,
1148 2336 1155 2350 ‘
1167 2335 1297 2364 lean.'--
