1539 2494
616 90 736 116 LIBER
756 91 780 116 L

509 223 736 254 FABULA
772 224 876 253 XIV.

447 306 580 332 HOMO
618 306 673 332 ET
711 306 940 331 ARBORES

276 385 470 421 PEREUNT
488 385 671 420 auxilium
691 385 753 431 qui
773 385 845 419 suis
863 385 954 419 dant
971 384 1148 422 hostibus.

222 439 337 474 Facta
353 439 470 473 securi
489 438 641 485 quidam
660 438 706 473 ab
725 438 918 472 arboribus
936 435 1038 484 petit,

221 492 252 527 E
268 491 370 537 ligno
387 491 497 526 firmo
514 495 556 526 ut
574 491 643 526 sibi
661 491 904 526 manubrium
922 491 1064 528 darent.

222 544 380 580 Homini
393 544 583 590 jusserunt
601 555 729 579 omnes
748 544 948 579 oleastrum
966 543 1057 580 dari.

221 597 377 643 Accepit
393 608 540 643 munus,
559 600 686 643 aptata
704 600 740 631 et
757 597 955 632 manubrio

222 649 383 696 Bipenni
402 650 521 696 coepit
538 661 676 695 magna
694 650 864 684 excidere
882 650 1025 686 robora.

224 703 297 739 Hic
315 703 416 749 dum,
435 714 530 750 quae
548 703 669 749 vellet,
689 702 857 749 eligebat,
876 703 1024 738 fraxino

221 756 365 791 Dixisse
382 756 499 791 fertur
516 767 672 802 quercus
687 770 693 792 :
721 756 854 791 Merito
874 756 1073 792 caedimur.

104 863 128 895 l.
150 865 325 894 Construe:
350 864 431 902 (Eli)
447 868 569 903 pereunt
583 865 635 904 qui
647 864 720 893 dun!
734 864 888 894 consilium
902 865 964 893 suis
977 864 1182 901 hostibus—2,
1199 865 1225 894 3.
1248 864 1328 894 Con—

63 906 168 934 strue:
190 904 294 934 Securi
302 904 394 942 facta
410 904 533 944 quidam
548 904 623 943 petil
643 904 680 932 ab
701 904 860 935 arboribus.
876 907 907 933 ut
921 905 1026 933 darent
1040 904 1096 933 sibi
1115 904 1298 933 manubrium
1314 914 1329 932 e

56 943 148 983 firmo
167 943 254 980 liano.
295 945 407 973 Securi.
450 943 547 974 Elem.
572 944 678 973 Grani.
700 945 739 973 44
763 944 821 983 (b),
847 943 869 973 l.
912 943 1003 981 Petit,
1028 943 1077 973 for
1096 945 1189 982 petiit.
1231 944 1328 973 Elem.

64 983 170 1012 Gram.
188 982 254 1020 135,
268 982 365 1013 2.—4.
391 982 508 1020 Omnes,
523 983 639 1022 supply
654 983 782 1012 arbores.
828 984 1003 1013 Oleastrum.
1039 983 1106 1013 The
1121 983 1213 1013 wood
1227 983 1262 1013 of
1272 983 1328 1012 the

62 1022 137 1052 wild
151 1022 231 1052 olive
246 1032 310 1052 was
326 1023 358 1052 in
373 1025 463 1060 great
477 1027 593 1061 repute
607 1023 687 1052 with
707 1026 894 1062 carpenters
909 1032 950 1053 on
965 1026 1104 1052 account
1125 1024 1159 1052 of
1176 1023 1219 1052 its
1234 1023 1328 1052 hard-

62 1062 213 1092 ness.—-5.
245 1062 424 1093 construe:
459 1062 588 1101 Bz'penni
615 1066 719 1101 «plaia
749 1062 911 1093 manubrio.
963 1063 1094 1101 Bipenni
1122 1063 1180 1099 (bis
1202 1063 1328 1100 pinna),

62 1102 72 1117 ⁶
83 1101 353 1140 two-edged.'—6.
378 1102 489 1140 Coepit,
505 1102 622 1140 supply
636 1103 797 1138 homa—7.
828 1102 922 1131 Vellet.
965 1102 1027 1131 For
1042 1102 1098 1132 the
1113 1102 1328 1140 subjunctive,

61 1149 115 1170 see
131 1141 226 1170 Elem.
245 1142 351 1170 Gram.
374 1141 441 1178 360,
464 1141 491 1172 3.
534 1141 680 1181 Elzyebat.
723 1142 785 1172 For
805 1142 862 1172 the
883 1142 1051 1181 imperfect
1070 1142 1149 1172 with
1172 1142 1252 1179 dum,
1273 1150 1327 1171 see

63 1180 169 1210 Gram.
185 1180 202 1217 ἓ
218 1180 286 1218 332,
300 1184 386 1210 note.

543 1381 745 1413 FABULA
777 1382 850 1413 XV.

467 1464 667 1491 CORNIX
708 1465 917 1491 ASTUTA

274 1544 338 1578 AD
356 1553 492 1578 urnam
512 1544 642 1578 cornix
661 1544 788 1579 sitiens
803 1544 1047 1590 semiplenam
1068 1555 1185 1591 aquae

220 1595 393 1642 Accessit,
411 1598 522 1642 atque
539 1600 672 1632 conata
688 1600 742 1632 est
760 1601 934 1633 evertere.

220 1647 293 1684 Sed
311 1659 428 1694 quum
446 1648 588 1684 videret
605 1653 702 1684 stare
721 1650 864 1695 fortem,
884 1649 1041 1685 calculos

222 1701 266 1736 In
286 1712 422 1736 urnam
440 1702 552 1747 misit,
571 1713 730 1748 quorum
749 1702 991 1737 multitudine

221 1755 331 1800 Aqua
349 1757 402 1788 est
420 1759 587 1800 porrecta
605 1766 761 1801 sursum,
781 1759 817 1790 et
834 1755 984 1790 satiavit
1001 1756 1113 1792 sitim.

274 1807 356 1842 Hac
374 1818 412 1841 re
431 1807 618 1853 probatur,
638 1812 819 1854 quantum
839 1808 1029 1853 ingenium
1051 1809 1207 1854 polleat;

220 1859 368 1895 Virtute
385 1871 532 1906 semper
549 1860 738 1906 praevalet
755 1861 946 1907 sapientia.

105 1971 129 1997 Ι.
151 1965 358 2005 Semiplenam.
401 1967 496 1997 Elem.
521 1969 625 1998 Gram.
649 1968 716 2003 295,
741 1969 835 1999 3.—3
860 1970 990 2005 lffmwem,
1013 1970 1094 1999 firm.
1137 1970 1196 2000 See
1217 1971 1236 2000 ἰ.
1256 1970 1281 2008 l,
1296 1972 1323 2001 2.

68 2024 80 2027 —
100 2007 127 2036 5.
157 2007 252 2037 Sirim.
294 2007 390 2036 Elem.
416 2008 522 2037 Gram.
544 2009 583 2036 44
608 2009 670 2045 (ιι),
697 2008 790 2041 1.-7.
823 2009 942 2043 Virtute,
965 2010 1043 2038 used
1068 2010 1098 2038 in
1123 2010 1165 2039 its
1186 2011 1322 2051 primary

61 2046 220 2085 meilninffi
235 2048 245 2062 ⁴
257 2046 399 2084 physical
415 2047 585 2086 strength:
601 2058 634 2076 as
649 2048 791 2088 opposed
808 2053 841 2078 to
856 2049 976 2078 mental
995 2058 1108 2088 power.
